@book{peeragogy-handbook,
  title={The {P}eeragogy {H}andbook},
  author={H. Rheingold and others},
  year={2014},
  note={Arlington, MA: Pierce Press and Chicago: PubDomEd Press},
  url={http://peeragogy.org},
}