%COMMENT This file has been translated from the old  ::book  format that was in ims_legacy.txt
%COMMENT It should be easier to maintain and cross-reference as a bibtex file

@reference{booktitle:century-of-mathematics-in-america-part-iii,
title={{A} {C}entury of {M}athematics in {A}merica, {P}art {I}{I}{I}},
booktitle={{A} {C}entury of {M}athematics in {A}merica, {P}art {I}{I}{I}},
editors={P. Duren and R. Askey and H. M. Edwards and U. C. Merzbach},
publisher={American Mathematical Society},
address={Providence, RI},
year={1989},
url={http://www.worldcat.org/title/century-of-mathematics-in-america-part-iii/oclc/28363941},
}

@reference{booktitle:history-of-statistics-in-new-zealand,
title={{A} {H}istory of {S}tatistics in {N}ew {Z}ealand},
booktitle={{A} {H}istory of {S}tatistics in {N}ew {Z}ealand},
editors={H. S. Roberts},
publisher={New Zealand Statistical Association},
address={Wellington},
year={1999},
url={http://www.worldcat.org/title/history-of-statistics-in-new-zealand/oclc/52117812},
}

@reference{booktitle:survey-of-combinatorial-theory,
title={{A} {S}urvey of {C}ombinatorial {T}heory},
booktitle={{A} {S}urvey of {C}ombinatorial {T}heory},
editors={J. N. Srivastava and others},
publisher={North-Holland},
address={Amsterdam},
year={1973},
url={http://www.worldcat.org/title/survey-of-combinatorial-theory/oclc/713965},
}

@reference{booktitle:complete-dictionary-of-scientific-biography,
title={{C}omplete {D}ictionary of {S}cientific {B}iography},
booktitle={{C}omplete {D}ictionary of {S}cientific {B}iography},
editors={F. L. Holmes},
publisher={Scribner's},
address={Detroit},
year={2008},
url={http://www.worldcat.org/title/complete-dictionary-of-scientific-biography/oclc/187313311},
}

@reference{booktitle:current-topics-in-survey-sampling,
title={{C}urrent {T}opics in {S}urvey {S}ampling},
booktitle={{C}urrent {T}opics in {S}urvey {S}ampling},
editors={D. Krewski and R. Platek and J. N. K. Rao},
publisher={Academic Press},
address={New York},
year={1981},
url={http://www.worldcat.org/title/current-topics-in-survey-sampling/oclc/7924788},
}

@reference{booktitle:encyclopedia-of-actuarial-science,
title={{E}ncyclopedia of {A}ctuarial {S}cience},
booktitle={{E}ncyclopedia of {A}ctuarial {S}cience},
editors={J. L. Teugels and B. Sundt},
publisher={Wiley},
address={Chichester},
year={2004},
url={http://www.worldcat.org/title/encyclopedia-of-actuarial-science/oclc/55845505},
}

@reference{booktitle:encyclopedia-of-biostatistics,
title={{E}ncyclopedia of {B}iostatistics},
booktitle={{E}ncyclopedia of {B}iostatistics},
editors={P. Armitage and T. Colton},
publisher={Wiley},
address={Hoboken, NJ},
year={2005},
url={http://www.worldcat.org/title/encyclopedia-of-biostatistics/oclc/38258277},
edition={2nd}
}

@reference{booktitle:encyclopedia-of-statistical-sciences,
title={{E}ncyclopedia of {S}tatistical {S}ciences},
booktitle={{E}ncyclopedia of {S}tatistical {S}ciences},
editors={S. Kotz and N. Balakrishnan and C. Read and B. Vidakovic},
publisher={Wiley},
address={Hoboken, NJ},
year={2006},
url={http://onlinelibrary.wiley.com/book/10.1002/0471667196},
}

@reference{booktitle:encyclopedia-of-statistics-in-behavioral-science,
title={{E}ncyclopedia of {S}tatistics in {B}ehavioral {S}cience},
booktitle={{E}ncyclopedia of {S}tatistics in {B}ehavioral {S}cience},
editors={B. S. Everitt and D. C. Howell},
publisher={Wiley},
address={New York},
year={2005},
url={http://www.worldcat.org/title/encyclopedia-of-statistics-in-behavioral-science/oclc/57694986},
}

@reference{booktitle:glimpses-of-indias-statistical-heritage,
title={{G}limpses of {I}ndia's {S}tatistical {H}eritage},
booktitle={{G}limpses of {I}ndia's {S}tatistical {H}eritage},
editors={J. K. Ghosh and S. K. Mitra and K. R. Parthasarathy},
publisher={Wiley India},
address={New Delhi},
year={1992},
url={http://www.worldcat.org/title/glimpses-of-indias-statistical-heritage/oclc/27187369},
}

@reference{booktitle:international-encyclopedia-of-statistics,
title={{I}nternational {E}ncyclopedia of {S}tatistics},
booktitle={{I}nternational {E}ncyclopedia of {S}tatistics},
editors={W. H. Kruskal and J. M. Tanur},
publisher={Free Press},
address={New York},
year={1978},
url={http://www.worldcat.org/title/international-encyclopedia-of-statistics/oclc/3966286},
}

@reference{booktitle:international-encyclopedia-of-the-social-sciences,
title={{I}nternational {E}ncyclopedia of the {S}ocial {S}ciences},
booktitle={{I}nternational {E}ncyclopedia of the {S}ocial {S}ciences},
editors={W. A. Darity, Jr.},
publisher={Macmillan},
address={Detroit},
year={1968},
url={http://www.worldcat.org/title/international-encyclopedia-of-the-social-sciences/oclc/165466},
edition={2nd},
}

@reference{booktitle:international-encyclopedia-of-the-social-behavioral-sciences,
title={{I}nternational {E}ncyclopedia of the {S}ocial and {B}ehavioral {S}ciences},
booktitle={{I}nternational {E}ncyclopedia of the {S}ocial and {B}ehavioral {S}ciences},
editors={N. J. Smelser and P. B. Baltes},
publisher={North-Holland},
address={Amsterdam},
year={2001},
url={http://www.worldcat.org/title/international-encyclopedia-of-the-social-behavioral-sciences/oclc/47869490},
}

@reference{booktitle:leading-personalities-in-statistical-sciences-from-the-17th-century-to-the-present,
title={{L}eading {P}ersonalities in {S}tatistical {S}ciences, from the 17th {C}entury to the {P}resent},
booktitle={{L}eading {P}ersonalities in {S}tatistical {S}ciences, from the 17th {C}entury to the {P}resent},
editor={N. L. Johnson and S. Kotz},
publisher={Wiley},
address={New York},
year={1997},
url={http://www.worldcat.org/title/leading-personalities-in-statistical-sciences-from-the-17th-century-to-the-present/oclc/36430730},
}

@reference{booktitle:mathematical-lives-protagonists-of-the-twentieth-century-from-hilbert-to-wiles,
title={{M}athematical {L}ives: {P}rotagonists of the {T}wentieth {C}entury from {H}ilbert to {W}iles},
booktitle={{M}athematical {L}ives: {P}rotagonists of the {T}wentieth {C}entury from {H}ilbert to {W}iles},
editors={C. Bartocci and R. Betti and A. Guerraggio and R. Lucchetti},
publisher={Springer},
address={Berlin},
year={2010},
url={http://www.worldcat.org/title/mathematical-lives-protagonists-of-the-twentieth-century-from-hilbert-to-wiles/oclc/682907521},
}

@reference{booktitle:mathematical-people-profiles-and-interviews,
title={{M}athematical {P}eople: {P}rofiles and {I}nterviews},
booktitle={{M}athematical {P}eople: {P}rofiles and {I}nterviews},
editors={D. J. Albers and G. L. Alexanderson},
publisher={Peters},
address={Wellesley, MA},
year={2008},
url={http://www.worldcat.org/title/mathematical-people-profiles-and-interviews/oclc/181730644},
edition={2nd},
}

@reference{booktitle:mathematical-programming,
title={{M}athematical {P}rogramming},
booktitle={{M}athematical {P}rogramming},
editors={R. W. Cottle and M. L. Kelmanson and B. Korte},
publisher={North-Holland},
address={Amsterdam},
year={1983},
url={http://www.worldcat.org/title/mathematical-programming/oclc/753297876},
}

@reference{booktitle:mathematical-programming-the-state-of-the-art-bonn-1982,
title={{M}athematical {P}rogramming: {T}he {S}tate of the {A}rt},
booktitle={{M}athematical {P}rogramming: {T}he {S}tate of the {A}rt},
editors={A. Bachem and M. Gr\u00f6tschel and B. Korte},
publisher={Springer},
address={Berlin},
year={1983},
url={http://www.worldcat.org/title/mathematical-programming-the-state-of-the-art-bonn-1982/oclc/9556834},
}

@reference{booktitle:more-mathematical-people-contemporary-conversations,
title={{M}ore {M}athematical {P}eople: {C}ontemporary {C}onversations},
booktitle={{M}ore {M}athematical {P}eople: {C}ontemporary {C}onversations},
editors={D. J. Albers and G. L. Alexanderson and C. Reid},
publisher={Academic Press},
address={San Diego, CA},
year={1990},
url={http://www.worldcat.org/title/more-mathematical-people-contemporary-conversations/oclc/21335917},
}

@reference{booktitle:notable-american-women-the-modern-period-a-biographical-dictionary,
title={{N}otable {A}merican {W}omen: {T}he {M}odern {P}eriod},
booktitle={{N}otable {A}merican {W}omen: {T}he {M}odern {P}eriod},
editors={B. Sicherman and C. H. Green},
publisher={Belknap Press of Harvard Univ. Press},
address={Cambridge, MA},
year={1980},
url={http://www.worldcat.org/title/notable-american-women-the-modern-period-a-biographical-dictionary/oclc/6487187},
}

@reference{booktitle:oxford-dictionary-of-national-biography-in-association-with-the-british-academy-from-the-earliest-times-to-the-year-2000,
title={{O}xford {D}ictionary of {N}ational {B}iography},
booktitle={{O}xford {D}ictionary of {N}ational {B}iography},
publisher={Oxford Univ. Press},
year={2004},
url={http://www.worldcat.org/title/oxford-dictionary-of-national-biography-in-association-with-the-british-academy-from-the-earliest-times-to-the-year-2000/oclc/54778415},
}

@reference{booktitle:pioneers-of-industrial-organization-how-the-economics-of-competition-and-monopoly-took-shape,
title={{P}ioneers of {I}ndustrial {O}rganization: {H}ow the {E}conomics of {C}ompetition and {M}onopoly {T}ook {S}hape},
booktitle={{P}ioneers of {I}ndustrial {O}rganization: {H}ow the {E}conomics of {C}ompetition and {M}onopoly {T}ook {S}hape},
editors={H. W. de Jong and W. G. Shepherd},
publisher={Elgar},
address={Cheltenham, UK},
year={2007},
url={http://www.worldcat.org/title/pioneers-of-industrial-organization-how-the-economics-of-competition-and-monopoly-took-shape/oclc/180222904},
}

@reference{booktitle:proceedings-of-the-ac-aitken-centenary-conference,
title={{P}roceedings of the {A}. {C}. {A}itken {C}entenary {C}onference},
booktitle={{P}roceedings of the {A}. {C}. {A}itken {C}entenary {C}onference},
editors={L. Kavalieris and F. C. Lam and L. A. Roberts and J. A. Shanks},
publisher={Univ. Otago Press},
address={Dunedin, New Zealand},
year={1996},
url={http://www.worldcat.org/title/proceedings-of-the-ac-aitken-centenary-conference/oclc/45335658},
}

@reference{booktitle:rr-bahadurs-lectures-on-the-theory-of-estimation,
title={{R}. {R}. {B}ahadur's {L}ectures on the {T}heory of {E}stimation},
booktitle={{R}. {R}. {B}ahadur's {L}ectures on the {T}heory of {E}stimation},
editors={S. M. Stigler, W. H. Wong and D. Xu},
publisher={Institute of Mathematical Statistics},
series={Lecture Notes-Monograph Series},
volume={39},
address={Beachwood, OH},
year={2002},
url={http://www.worldcat.org/title/rr-bahadurs-lectures-on-the-theory-of-estimation/oclc/50556413},
}

@reference{booktitle:statisticians-of-the-centuries,
title={{S}tatisticians of the {C}enturies},
booktitle={{S}tatisticians of the {C}enturies},
editors={C. C. Heyde and E. Seneta},
publisher={Springer},
address={New York},
year={2001},
url={http://www.worldcat.org/title/statisticians-of-the-centuries/oclc/46791088},
}

@reference{booktitle:stochastic-processes-and-related-topics-in-memory-of-stamatis-cambanis-1943-1995,
title={{S}tochastic {P}rocesses and {R}elated {T}opics: {I}n {M}emory of {S}tamatis {C}ambanis, 1943-1995},
booktitle={{S}tochastic {P}rocesses and {R}elated {T}opics: {I}n {M}emory of {S}tamatis {C}ambanis, 1943-1995},
editors={I. Karatzas and B. Rajput and M. S. Taqqu},
publisher={Birkh{\"{a}}user},
address={Boston},
year={1998},
url={http://www.worldcat.org/title/stochastic-processes-and-related-topics-in-memory-of-stamatis-cambanis-1943-1995/oclc/38833210},
}

@reference{booktitle:craft-of-probabilistic-modelling-a-collection-of-personal-accounts,
title={{T}he {C}raft of {P}robabilistic {M}odelling},
booktitle={{T}he {C}raft of {P}robabilistic {M}odelling},
editors={J. Gani},
publisher={Springer},
address={New York},
year={1986},
url={http://www.worldcat.org/title/craft-of-probabilistic-modelling-a-collection-of-personal-accounts/oclc/13063726},
}

@reference{booktitle:making-of-statisticians,
title={{T}he {M}aking of {S}tatisticians},
booktitle={{T}he {M}aking of {S}tatisticians},
editors={J. Gani},
publisher={Springer},
address={New York},
year={1982},
url={http://www.worldcat.org/title/making-of-statisticians/oclc/8283885},
}

@reference{booktitle:new-palgrave-dictionary-of-economics,
title={{T}he {N}ew {P}algrave {D}ictionary of {E}conomics},
booktitle={{T}he {N}ew {P}algrave {D}ictionary of {E}conomics},
editors={S. N. Durlauf and L. E. Blume},
publisher={Palgrave Macmillan},
address={New York},
year={2008},
url={http://www.worldcat.org/title/new-palgrave-dictionary-of-economics/oclc/181424188},
edition={2nd},
}

@reference{booktitle:twelve-contributions-to-a-tradition-in-statistical-and-actuarial-science-festschrift-to-erling-sverdrup,
title={{T}welve {C}ontributions to a {T}radition in {S}tatistical and {A}ctuarial {S}cience. {F}estschrift to {E}rling {S}verdrup},
booktitle={{T}welve {C}ontributions to a {T}radition in {S}tatistical and {A}ctuarial {S}cience. {F}estschrift to {E}rling {S}verdrup},
editors={R. Norberg},
publisher={Almqvist \& Wicksell International},
address={Stockholm},
year={1989},
url={http://www.worldcat.org/title/twelve-contributions-to-a-tradition-in-statistical-and-actuarial-science-festschrift-to-erling-sverdrup/oclc/23064060},
}

@reference{booktitle:women-of-mathematics-a-biobibliographic-sourcebook,
title={{W}omen of {M}athematics: {A} {B}iobibliographic {S}ourcebook},
booktitle={{W}omen of {M}athematics: {A} {B}iobibliographic {S}ourcebook},
editors={L. S. Grinstein and P. J. Campbell},
publisher={Greenwood Press},
address={New York},
year={1987},
url={http://www.worldcat.org/title/women-of-mathematics-a-biobibliographic-sourcebook/oclc/14377479},
}

@reference{booktitle:distinguished-african-american-scientists-of-the-20th-century,
title={{D}istinguished {A}frican {A}merican {S}cientists of the 20th {C}entury},
booktitle={{D}istinguished {A}frican {A}merican {S}cientists of the 20th {C}entury},
editors={J. H. Kessler and J. S. Kidd and R. A. Kidd and K. A. Morin},
publisher={Oryx Press},
address={Phoenix, AZ},
year={1996},
url={http://books.google.com/books?id=-ydHVdMUqdEC},
}